3020 4990
560 427 691 501 588
848 521 854 528 ,
1080 420 1630 495 'raucisonus
1687 420 2270 495 ιιιιτΑΤοιιι-ιε.

562 599 775 670 menti
821 621 863 667 a
901 599 1208 669 Romano
1249 590 1620 685 desumpti,
1679 596 1950 665 lucrum
1980 597 2372 681 duxerunt,
2405 578 2740 667 ‘accurate

558 710 957 796 exemplum
983 708 1128 771 eius
1160 705 1352 790 sequi
1376 726 1600 793 posse.

729 814 979 899 Magna
1005 811 1277 900 quidem
1310 834 1467 900 pars
1493 810 1695 894 artis,
1744 809 2131 907 dispositio,
2176 796 2509 879 ambobus
2533 812 2738 880 libris

568 935 666 990 est
691 920 1000 1010 simplex.
1088 917 1514 986 Accurationi
1553 917 1626 984 in
1672 919 2155 1025 componendis
2193 921 2395 989 rebus
2436 922 2740 989 maxime

567 1014 841 1108 intenti,
884 1025 1139 1113 ubique
1160 1038 1553 1113 temporum
1586 1027 2051 1095 consecutioni
2093 1049 2166 1092 se
2195 1025 2744 1111 accommodant,

565 1136 975 1214 constantius
1018 1126 1320 1199 Graecus
1360 1153 1571 1219 quam
1596 1135 1976 1215 Romanus,
2046 1133 2205 1219 qui,
2252 1145 2329 1199 ut
2366 1135 2742 1220 requiescat

526 1246 531 1249 ’
571 1247 836 1313 animus
867 1265 908 1307 a
939 1239 1316 1308 domesticis
1341 1241 1538 1309 malis
1573 1241 1777 1426 (Anu.
1805 1238 2131 1328 V1,58.),
2172 1240 2425 1309 diutius
2455 1241 2743 1309 subinde

506 1364 516 1371 “
571 1353 648 1421 in
678 1347 978 1418 externis
1007 1357 1339 1417 moratur

742 1459 823 1523 In
859 1456 1095 1522 rei-‘um
1124 1456 1386 1524 delectu
1414 1478 1585 1523 vero
1622 1458 1756 1524 iam
1789 1467 2127 1545 spectatur
2161 1452 2433 1523 animus
2465 1455 2743 1542 quidam

562 1564 991 1636 ‘artificiosus-
1076 1561 1150 1629 Si
1181 1564 1262 1629 ad
1294 1566 1727 1647 nossvenisset
1767 1562 1943 1645 liber
1971 1563 2323 1653 Cratippi,
2367 1562 2485 1652 qui
2517 1564 2746 1630 colle-

572 1685 799 1762 gerat,
842 1669 1164 1757 quicquid
1190 1671 1573 1760 Thucydidi
1604 1668 2154 1760 praetermissum
2185 1680 2330 1739 erat
2374 1669 2612 1749 (Dion.
2657 1671 2748 1737 dc

577 1784 795 1850 Thuc
830 1778 989 1848 hist.
1018 1800 1087 1866 p.
1108 1775 1261 1861 347.
1266 1783 1338 1856 ),
1402 1788 1602 1864 atque
1624 1785 1802 1845 unus
1834 1775 2073 1863 aliquis
2101 1775 2583 1863 historicorum
2620 1801 2748 1851 su—

576 1912 705 1976 pra
748 1885 1026 1953 modum
1061 1882 1490 1983 copiosorum
1534 1907 1623 1949 ex
1653 1883 1871 1951 Taciti
1911 1894 2123 1951 aetate
2139 1931 2160 1966 ‚
2204 1905 2371 1970 quos
2405 1882 2747 1951 Iuvenalis

575 1994 815 2063 irridet
846 1991 1013 2078 (Sat.
1044 1972 1188 2067 Vll,
1211 1988 1395 2076 98-
1418 1989 1626 2073 1020),
1687 2012 1829 2065 non
1859 1989 2005 2057 siue
2028 2013 2159 2057 usu
2188 1989 2747 2078 conspiceremus,

581 2123 755 2190 quae
780 2110 852 2163 et
879 2108 1129 2180 quanta
1160 2095 1394 2178 ambo,
1451 2108 1527 2183 ut
1571 2097 1753 2164 levia
1781 2099 1892 2165 vel
1918 2120 1986 2167 a‘
2006 2097 2282 2165 consilio
2322 2119 2445 2163 suo
2485 2097 2750 2165 abhor-

580 2206 819 2286 rentia,
858 2200 1346 2294 praeterierint.
1432 2200 1756 2271 Severior.
1788 2205 1990 2273 etiam
2035 2206 2346 2281 Romano
2386 2204 2514 2271 hac
2552 2190 2627 2273 in
2664 2225 2748 2275 re

581 2323 676 2378 est
704 2310 1030 2379 Graecus.
1116 2309 1457 2399 Quicquid
1485 2335 1526 2377 a
1565 2312 1774 2395 bello,
1832 2296 2008 2402 quod
2040 2313 2302 2393 scribit,
2344 2312 2545 2401 plane
2568 2313 2747 2380 alie—

451 2421 459 2426 ’
579 2440 786 2502 num,
842 2418 1101 2482 null-am
1145 2428 1330 2482 certe
1358 2418 1580 2485 lucem
1621 2411 1873 2489 rationi
1916 2418 2058 2495 eius
2095 2416 2376 2508 gerendi
2413 2417 2658 2502 infert,
2699 2441 2749 2485 ιι

577 2528 922 2598 libro‘suo
962 2524 1283 2590 excludit.
1369 2525 1573 2592 Nulla
1606 2525 1879 2594 Phidiae
1913 2519 2509 2611 commemoratio,
2551 2530 2748 2596 nulla.
2787 2595 2794 2610 ‚

578 2632 964 2719 aequalium
996 2633 1057 2697 ei
1086 2644 1443 2720 poetarum
1465 2645 1680 2721 -atque
1704 2633 2154 2722 sophistarum
2187 2634 2750 2723 clarissimorum,

576 2742 861 2816 Pericles
891 2735 1177 2820 speciem
1207 2738 1409 2804 habet
1432 2741 1568 2807 viri
1596 2763 1829 2810 rerum
1862 2742 2303 2830 gerendarum
2337 2743 2748 2833 peritissimi,

578 2873 720 2934 non
754 2846 1033 2914 fautoris
1062 2845 1310 2911 artium
1340 2847 1744 2928 liberalium.
1826 2846 1981 2914 Non
2024 2848 2275 2936 pariter
2317 2874 2521 2939 parco
2550 2851 2766 2919 licuit-

579 2979 718 3023 esse
731 2957 1054 3058 Romano.
1103 2951 1337 3039 Quum
1372 2954 1814 3054 conformatio
1830 2953 2250 3054 principatus
2285 2957 2748 3070 eiexhibenda.

578 3060 791 3137 esset,
836 3071 1103 3126 coactus
1132 3071 1281 3125 erat
1303 3060 1628 3149 insignius
1658 3051 1991 3127 exornare
2030 3049 2285 3131 librum
2320 3088 2520 3132 suum
2539 3110 2561 3149 ,
2591 3088 2744 3152 quo

561 3153 938 3234 'notabilior
963 3179 1173 3234 status
1198 3169 1456 3234 Romae
1498 3168 1782 3257 eiusque
1829 3171 2009 3238 orbis
2052 3167 2282 3253 fieret,
2333 3173 2452 3238 sed
2495 3173 2748 3242 mode-

466 3345 475 3356 *
574 3287 723 3341 rate
751 3261 825 3340 id·
851 3272 1006 3351 iecit
1023 3319 1042 3348 ,
1089 3286 1197 3361 atq
1207 3275 1665 3370 ue-pleraque,
1721 3276 1805 3354 ab
1848 3277 1995 3343 aliis
2036 3276 2477 3360 incelebrata,
2536 3281 2748 3369 digna

574 3393 806 3448 tamen
833 3380 1105 3467 cognitu
1132 3382 1370 3469 delegit
1396 3384 1608 3465 (Anu.
1642 3384 1768 3465 VI,
1812 3387 1925 3470 7.).
2004 3383 2148 3452 'Sed
2180 3384 2540 3473 utriusque
2567 3409 2747 3454 con-

572 3489 860 3554 suetudo
890 3486 965 3552 in
991 3509 1072 3553 eo
1103 3473 1339 3555 rursus
1361 3489 1677 3570 convenit
1692 3522 1718 3574 ,·
1755 3490 1947 3576 quod
1979 3490 2066 3556 de
2093 3491 2296 3558 rebus
2334 3516 2546 3580 aeque
2572 3516 2747 3581 gra-
2821 3561 2828 3567 ,

569 3595 771 3666 vibus
792 3595 954 3661 alias
984 3595 1137 3666 luce
1162 3596 1531 3664 clarissima
1563 3595 2160 3679 circumfundunt,
2218 3598 2383 3668 alias
2430 3600 2747 3669 breviter

563 3710 832 3770 tantum
863 3714 1282 3781 memorant,
1341 3704 1461 3771 ubi
1500 3715 1621 3772 aut
1648 3703 1960 3785 illarum,
2021 3728 2162 3772 nou
2205 3717 2435 3773 autem
2483 3707 2746 3777 harum

565 3821 753 3876 certa
776 3809 1026 3876 iudicia
1054 3809 1448 3892 exstabant3
1505 3816 1627 3878 aut'
1652 3810 1924 3884 illarum
1957 3833 2098 3877 non
2132 3812 2379 3880 harum
2423 3815 2745 3925 explica-

565 3918 662 3986 tio
699 3907 980 3986 alicuius
1006 3917 1328 3984 momenti
1353 3929 1484 4001 est,
1527 3927 1645 3983 aut
1671 3918 1835 4000 hae,
1879 3920 2059 4007 quod
2089 3922 2292 4011 plane
2315 3934 2735 4008 congruunt,

559 4023 697 4090 iam
733 4025 1169 4091 continentur
1198 4024 1697 4111 quodammodo
1724 4026 1870 4099 illis.

729 4130 935 4218 Quod
970 4131 1052 4198 in
1075 4131 1475 4204 metatione
1523 4127 1703 4194 haud
1744 4151 1990 4217 parum
2028 4133 2209 4204 inter
2253 4159 2329 4204 se
2375 4097 2808 4222 differunt,

556 4256 759 4301 eausa
785 4236 858 4301 in
887 4238 1216 4305 materiae
1252 4236 1703 4332 discrepantia
1743 4239 1989 4327 magis,
2050 4264 2271 4335 quam
2298 4243 2373 4310 in
2412 4243 2728 4333 ipsorum
